<record><leader>00000cas a22000007a 4500</leader><controlfield tag="001">12144680</controlfield><controlfield tag="008">850611c19599999inuwr ne     l0    0eng d</controlfield><datafield ind1=" " ind2=" " tag="010"><subfield code="a">sn 85047592 </subfield></datafield><datafield ind1=" " ind2=" " tag="040"><subfield code="a">NPI</subfield><subfield code="b">eng</subfield><subfield code="c">NPI</subfield><subfield code="d">IUL</subfield><subfield code="d">OCLCQ</subfield><subfield code="d">OCLCF</subfield></datafield><datafield ind1="1" ind2=" " tag="029"><subfield code="a">AU@</subfield><subfield code="b">000025837550</subfield></datafield><datafield ind1=" " ind2=" " tag="042"><subfield code="a">msc</subfield></datafield><datafield ind1=" " ind2=" " tag="043"><subfield code="a">n-us-in</subfield></datafield><datafield ind1=" " ind2="4" tag="050"><subfield code="a">Newspapers</subfield></datafield><datafield ind1="0" ind2=" " tag="130"><subfield code="a">Salem leader (Salem, Ind. : 1959)</subfield></datafield><datafield ind1="1" ind2="4" tag="245"><subfield code="a">The Salem leader.</subfield></datafield><datafield ind1=" " ind2=" " tag="260"><subfield code="a">Salem, Ind. :</subfield><subfield code="b">Leader Pub. Co.,</subfield><subfield code="c">1959-</subfield></datafield><datafield ind1=" " ind2=" " tag="300"><subfield code="a">v. :</subfield><subfield code="b">ill. ;</subfield><subfield code="c">55-58 cm.</subfield></datafield><datafield ind1=" " ind2=" " tag="310"><subfield code="a">Weekly</subfield></datafield><datafield ind1="0" ind2=" " tag="362"><subfield code="a">80th year, no. 26 (June 25, 1959)-</subfield></datafield><datafield ind1=" " ind2=" " tag="500"><subfield code="a">Independent Republican. Cf. Ayer.</subfield></datafield><datafield ind1=" " ind2=" " tag="580"><subfield code="a">From 1961, The Salem Democrat (Salem, Ind. : 1874) was issued as the city edition of the Salem leader (Salem, Ind. : 1959).</subfield></datafield><datafield ind1=" " ind2="0" tag="651"><subfield code="a">Salem (Ind.)</subfield><subfield code="v">Newspapers.</subfield></datafield><datafield ind1=" " ind2="0" tag="651"><subfield code="a">Washington County (Ind.)</subfield><subfield code="v">Newspapers.</subfield></datafield><datafield ind1=" " ind2="7" tag="655"><subfield code="a">Newspapers.</subfield><subfield code="2">fast</subfield><subfield code="0">(OCoLC)fst01423814</subfield></datafield><datafield ind1=" " ind2="7" tag="651"><subfield code="a">Indiana</subfield><subfield code="z">Salem.</subfield><subfield code="2">fast</subfield><subfield code="0">(OCoLC)fst01257044</subfield></datafield><datafield ind1=" " ind2="7" tag="651"><subfield code="a">Indiana</subfield><subfield code="z">Washington County.</subfield><subfield code="2">fast</subfield><subfield code="0">(OCoLC)fst01217010</subfield></datafield><datafield ind1=" " ind2=" " tag="752"><subfield code="a">United States</subfield><subfield code="b">Indiana</subfield><subfield code="c">Washington</subfield><subfield code="d">Salem.</subfield></datafield><datafield ind1="1" ind2=" " tag="775"><subfield code="t">Salem Democrat (Salem, Ind. : 1874)</subfield><subfield code="w">(DLC)sn 84038036</subfield><subfield code="w">(OCoLC)11190236</subfield></datafield><datafield ind1="0" ind2="0" tag="780"><subfield code="t">Salem Republican-leader</subfield><subfield code="w">(DLC)sn 85047590</subfield><subfield code="w">(OCoLC)12144659</subfield></datafield></record>